@article{risk_classification,
  title={A General Framework for the Identification and Categorization of Risks-An Application to the Context of Financial Markets},
  author={Bender, Micha and Panz, Sven},
  journal={Available at SSRN 3738273},
  year={2020}
}
@article{random_forest,
  title={Predicting the direction of stock market prices using random forest},
  author={Khaidem, Luckyson and Saha, Snehanshu and Dey, Sudeepa Roy},
  journal={arXiv preprint arXiv:1605.00003},
  year={2016}
}
@article{svm,
  title={Application of support vector machines to corporate credit rating prediction},
  author={Lee, Young-Chan},
  journal={Expert Systems with Applications},
  volume={33},
  number={1},
  pages={67--74},
  year={2007},
  publisher={Elsevier}
}
@article{gu2020empirical,
  title={Empirical asset pricing via machine learning},
  author={Gu, Shihao and Kelly, Bryan and Xiu, Dacheng},
  journal={The Review of Financial Studies},
  volume={33},
  number={5},
  pages={2223--2273},
  year={2020},
  publisher={Oxford University Press}
}
@inproceedings{ahbali2022identifying,
  title={Identifying corporate credit risk sentiments from financial news},
  author={Ahbali, Noujoud and Liu, Xinyuan and Nanda, Albert and Stark, Jamie and Talukder, Ashit and Khandpur, Rupinder Paul},
  booktitle={Proceedings of the 2022 Conference of the North American Chapter of the Association for Computational Linguistics: Human Language Technologies: Industry Track},
  pages={362--370},
  year={2022}
}
@article{wang2023sparsity,
  title={A sparsity algorithm for finding optimal counterfactual explanations: Application to corporate credit rating},
  author={Wang, Dan and Chen, Zhi and Florescu, Ionu{\c{t}} and Wen, Bingyang},
  journal={Research in International Business and Finance},
  volume={64},
  pages={101869},
  year={2023},
  publisher={Elsevier}
}
@article{lim2021temporal,
  title={Temporal Fusion Transformers for Interpretable Multi-horizon Time Series Forecasting},
  author={Lim, Bryan and Arik, Sercan O. and Loeff, Nicolai and Pfister, Tomas},
  journal={International Journal of Forecasting},
  volume={37},
  numbe={4},
  pages={1748--1764},
  year={2021},
  publisher={Elsevier}
}
@inproceedings{zhou2021informer,
  title={Informer: Beyond Efficient Transformer for Long Sequence Time-Series Forecasting},
  author={Zhou, Haoyi and Zhang, Shanghang and Peng, Jieqi and Zhang, Shuai and Li, Jianmin and Xiong, Hui and Zhang, Wancai},
  booktitle={Proceedings of the AAAI Conference on Artificial Intelligence},
  volume={35},
  number={12},
  pages={11106--11115},
  year={2021}
}
@article{yanez2024stock,
  title={Stock Market Index Prediction Using Transformer Neural Network Models and Frequency Decomposition},
  author={Y{\'a}{\~n}ez, Cristian and Kristjanpoller, Werner and Minutolo, Maria C.},
  journal={Neural Computing and Applications},
  volume={36},
  pages={1451--1470},
  year={2024},
  publisher={Springer}
}
@article{wang2022stock,
  title={Stock Market Index Prediction Using Deep Transformer Model},
  author={Wang, Chen and Chen, Yu and Zhang, Siwei and Zhang, Qing},
  journal={Expert Systems with Applications},
  volume={187},
  pages={115871},
  year={2022},
  publisher={Elsevier}
}
@article{noriega2023mlcredit,
  title={Machine Learning for Credit Risk Prediction: A Systematic Review},
  author={Noriega-Melo, Juan P. and Mora-Rivera, Jose and Mendoza-Torres, Enrique},
  journal={Mathematics},
  volume={11},
  number={3},
  pages={621},
  year={2023},
  publisher={MDPI}
}
